<?xml version='1.0' encoding='UTF-8'?>
<record xmlns="http://www.loc.gov/MARC21/slim">
  <leader>01113cam a2200241 a 4500</leader>
  <controlfield tag="001">2771130</controlfield>
  <controlfield tag="003">NjP</controlfield>
  <controlfield tag="005">20180125114310.0</controlfield>
  <controlfield tag="008">960814s1961    ir            000 0 ara c</controlfield>
  <datafield tag="024" ind1="7" ind2=" ">
    <subfield code="a">princeton_aco001799</subfield>
    <subfield code="2">local</subfield>
  </datafield>
  <datafield ind1=" " ind2=" " tag="035">
    <subfield code="a">(OCoLC)ocm35240761</subfield>
  </datafield>
  <datafield ind1=" " ind2=" " tag="035">
    <subfield code="9">CNG7997TS</subfield>
  </datafield>
  <datafield ind1=" " ind2=" " tag="040">
    <subfield code="a">CGU</subfield>
    <subfield code="c">CGU</subfield>
    <subfield code="d">PUL</subfield>
  </datafield>
  <datafield ind1=" " ind2=" " tag="042">
    <subfield code="a">pcc</subfield>
  </datafield>
  <datafield ind1="1" ind2=" " tag="100">
    <subfield code="a">Karmī, Muḥammad.</subfield>
  </datafield>
  <datafield ind1="1" ind2="0" tag="245">
    <subfield code="a">Ṭarīq al-wuṣūl ilá taḥqīq Kifāyat al-uṣūl lil-Muḥaqqiq al-Khurāsānī /</subfield>
    <subfield code="c">taʾlīf Muḥammad al-Karmī.</subfield>
  </datafield>
  <datafield ind1=" " ind2=" " tag="260">
    <subfield code="a">Qum :</subfield>
    <subfield code="b">[s.n.],</subfield>
    <subfield code="c">1381 [1961]</subfield>
    <subfield code="e">(Qum :</subfield>
    <subfield code="f">Maṭābiʻ Qum)</subfield>
  </datafield>
  <datafield ind1=" " ind2=" " tag="300">
    <subfield code="a">3 v. in 2 ;</subfield>
    <subfield code="c">25 cm.</subfield>
  </datafield>
  <datafield ind1="1" ind2=" " tag="505">
    <subfield code="a">al-Qism 1. Fī mbāḥith al-alfāẓ.</subfield>
  </datafield>
  <datafield ind1="1" ind2="0" tag="600">
    <subfield code="a">Khurāsānī, Muḥammad Kāẓim,</subfield>
    <subfield code="d">1839 or 40-1911.</subfield>
    <subfield code="t">Kifāyat al-uṣūl.</subfield>
  </datafield>
  <datafield ind1=" " ind2="0" tag="650">
    <subfield code="a">Islamic law</subfield>
    <subfield code="x">Interpretation and construction.</subfield>
    <subfield code="0">http://id.loc.gov/authorities/subjects/sh85068455</subfield>
  </datafield>
  <datafield ind1="1" ind2=" " tag="700">
    <subfield code="a">Khurāsānī, Muḥammad Kāẓim,</subfield>
    <subfield code="d">1839 or 1840-1911.</subfield>
    <subfield code="t">Kifāyat al-uṣūl.</subfield>
    <subfield code="f">1980.</subfield>
    <subfield code="0">http://id.loc.gov/authorities/names/nr90005564</subfield>
  </datafield>
  <datafield ind1=" " ind2=" " tag="945">
    <subfield code="a">F</subfield>
    <subfield code="b">1</subfield>
    <subfield code="c">2271.5094.K528.752</subfield>
    <subfield code="e">v.1-3</subfield>
  </datafield>
  <datafield ind1=" " ind2=" " tag="911">
    <subfield code="a">20000130</subfield>
  </datafield>
  <datafield ind1="0" ind2="1" tag="852">
    <subfield code="0">3081977</subfield>
    <subfield code="b">nec</subfield>
    <subfield code="h">KBP370.K49</subfield>
    <subfield code="i">A35 1961</subfield>
  </datafield>
  <datafield ind1=" " ind2="0" tag="866">
    <subfield code="0">3081977</subfield>
    <subfield code="8">0</subfield>
    <subfield code="a">v.1-3</subfield>
  </datafield>
  <datafield ind1=" " ind2=" " tag="959">
    <subfield code="a">2011-10-20 13:21:18 -0500</subfield>
  </datafield>
</record>
